@Book{lamport:86,
  author =    {Leslie Lamport},
  title =        {\LaTeX: A document preparation system},
  publisher =    {Addision-Wesley},
  year =         1986
}

@InProceedings{mayavi,
  author =       {Prabhu Ramachandran},
  title =        {{MayaVi}: A free tool for {CFD} data visualization},
  booktitle =    {4th Annual CFD Symposium},
  year =         2001,
  month =        {August},
  organization = {Aeronautical Society of India},
  note =         {Software available at: {http://mayavi.sf.net}}
}

@Article{journal,
  author =       {Prabhu Ramachandran and S. C. Rajan and M. Ramakrishna},
  title =        {A fast, two-dimensional panel method},
  journal =      {SIAM Journal on Scientific Computing},
  year =         2003,
  volume =       24,
  number =       6,
  pages =        {1864--1878}
}

@Misc{py:python,
  author =    {Guido van Rossum and others},
  title =     {The {Python} programming language},
  year =         {1991--},
  url = "http://www.python.org/"
}
